@article{Eom2015,
    title = {{The impact of near-term climate policy choices on technology and emission transition pathways}},
    year = {2015},
    journal = {Technological Forecasting and Social Change},
    author = {Eom, Jiyong and Edmonds, Jae and Krey, Volker and Johnson, Nils and Longden, Thomas and Luderer, Gunnar and Riahi, Keywan and Van Vuuren, Detlef P.},
    pages = {73--88},
    volume = {90},
    publisher = {Elsevier Inc.},
    url = {http://linkinghub.elsevier.com/retrieve/pii/S0040162513002540},
    doi = {10.1016/j.techfore.2013.09.017},
    issn = {00401625},
    keywords = {Emission pathway, Near-term climate policy, Technology deployment, Technology upscaling, near-term climate policy, technology deployment}
}

@article{Rogelj2013,
    title = {{Probabilistic cost estimates for climate change mitigation.}},
    year = {2013},
    journal = {Nature},
    author = {Rogelj, Joeri and McCollum, David L and Reisinger, Andy and Meinshausen, Malte and Riahi, Keywan},
    number = {7430},
    pages = {79--83},
    volume = {493},
    publisher = {Nature Publishing Group},
    url = {http://www.ncbi.nlm.nih.gov/pubmed/23282364},
    isbn = {0028-0836},
    doi = {10.1038/nature11787},
    issn = {1476-4687},
    pmid = {23282364},
    keywords = {Conservation of Energy Resources, Conservation of Energy Resources: methods, Conservation of Energy Resources: trends, Global Warming, Global Warming: economics, Global Warming: prevention {\&} control, Models, Theoretical, Politics, Probability, Temperature, Uncertainty}
}

@article{Azar2013,
    title = {{Meeting global temperature targets—the role of bioenergy with carbon capture and storage}},
    year = {2013},
    journal = {Environmental Research Letters},
    author = {Azar, Christian and Johansson, Daniel J a and Mattsson, Niclas},
    number = {3},
    pages = {034004},
    volume = {8},
    url = {http://www.scopus.com/inward/record.url?eid=2-s2.0-84885643388&partnerID=tZOtx3y1},
    isbn = {1748-9326},
    doi = {10.1088/1748-9326/8/3/034004},
    issn = {1748-9326},
    keywords = {034004, 8, available from stacks, climate change, energy systems, erl, integrated assessment models, iop, mmedia, negative emissions, org, s online supplementary data}
}

@article{Bertram2015,
    title = {{Complementing carbon prices with technology policies to keep climate targets within reach}},
    year = {2015},
    journal = {Nature Climate Change},
    author = {Bertram, Christoph and Luderer, Gunnar and Pietzcker, Robert C. and Schmid, Eva and Kriegler, Elmar and Edenhofer, Ottmar},
    number = {3},
    pages = {235--239},
    volume = {5},
    url = {http://www.nature.com/doifinder/10.1038/nclimate2514},
    doi = {10.1038/nclimate2514},
    issn = {1758-678X}
}

@article{IPCC2014,
    title = {{Climate Change 2014 Synthesis Report Summary Chapter for Policymakers}},
    year = {2014},
    journal = {Ipcc},
    author = {{IPCC}},
    pages = {31},
    isbn = {9781107661820},
    doi = {10.1017/CBO9781107415324},
    issn = {1476-4687},
    pmid = {17429376},
    arxivId = {arXiv:1011.1669v3},
    keywords = {Climate change}
}

@article{Rosen2015,
    title = {{The economics of mitigating climate change: What can we know?}},
    year = {2015},
    journal = {Technological Forecasting and Social Change},
    author = {Rosen, Richard A. and Guenther, Edeltraud},
    pages = {93--106},
    volume = {91},
    publisher = {The Authors},
    url = {http://linkinghub.elsevier.com/retrieve/pii/S0040162514000468},
    doi = {10.1016/j.techfore.2014.01.013},
    issn = {00401625},
    keywords = {Climate change, Economics, Energy efficiency, Mitigation, Technological change, Uncertainty}
}

@article{Peng,
    title = {{Reproducible Research in Computational Science}},
    year = {2011},
    journal = {Science},
    author = {Peng, Roger D},
    number = {6060},
    pages = {1226--1227},
    volume = {334},
    url = {http://www.sciencemag.org/content/334/6060/1226.abstract},
    doi = {10.1126/science.1213847}
}

@article{Blei2003,
    title = {{Latent Dirichlet Allocation}},
    year = {2003},
    journal = {Journal of Machine Learning Research},
    author = {Blei, David M and Ng, Andrew Y and Jordan, Michael I},
    pages = {993--1022},
    volume = {3},
    url = {http://www.crossref.org/deleted_DOI.html},
    isbn = {9781577352815},
    doi = {10.1162/jmlr.2003.3.4-5.993},
    issn = {0003-6951},
    pmid = {21362469},
    arxivId = {1111.6189v1},
    keywords = {lda, topic model}
}

@article{Pecina1978,
    title = {{Observation of the sporadic background in Nov. 1974}},
    year = {1978},
    journal = {Bulletin of the Astronomical Institutes of Czecheslovakia},
    author = {Pecina, P.},
    number = {6},
    volume = {29},
    isbn = {9781617796029},
    doi = {10.1002/2014GB005021},
    issn = {09226389},
    pmid = {8190083},
    arxivId = {1512.00567}
}

@article{Blei2012,
    title = {{Probabilistic topic models}},
    year = {2012},
    journal = {Communications of the ACM},
    author = {Blei, David and Carin, Lawrence and Dunson, David},
    number = {4},
    pages = {77--84},
    volume = {55},
    isbn = {0805854185},
    doi = {10.1109/MSP.2010.938079},
    issn = {10535888},
    pmid = {7789277},
    arxivId = {1003.4916}
}

@article{Kajikawa2007,
    title = {{Creating an academic landscape of sustainability science: An analysis of the citation network}},
    year = {2007},
    journal = {Sustainability Science},
    author = {Kajikawa, Yuya and Ohno, Junko and Takeda, Yoshiyuki and Matsushima, Katsumori and Komiyama, Hiroshi},
    number = {2},
    pages = {221--231},
    volume = {2},
    isbn = {1162500700},
    doi = {10.1007/s11625-007-0027-8},
    issn = {18624065},
    keywords = {Citation network, Network analysis, Overview map, Research on research, Sustainability science}
}

@article{Statistics,
    title = {{Think Bayes}},
    author = {Statistics, Bayesian and Simple, Made},
    isbn = {978-1449370787}
}

@article{Hellsten2015,
    title = {{The construction of interdisciplinarity: The development of the knowledge base and programmatic focus of the journal C limatic   C hange , 1977-2013}},
    year = {2015},
    journal = {Journal of the Association for Information Science and Technology},
    author = {Hellsten, Iina and Leydesdorff, Loet},
    pages = {n/a-n/a},
    url = {http://doi.wiley.com/10.1002/asi.23528},
    doi = {10.1002/asi.23528},
    issn = {23301635}
}

@article{Ford2011,
    title = {{A systematic review of observed climate change adaptation in developed nations}},
    year = {2011},
    journal = {Climatic Change},
    author = {Ford, James D. and Berrang-Ford, Lea and Paterson, Jaclyn},
    number = {2},
    pages = {327--336},
    volume = {106},
    isbn = {0165-0009 1573-1480},
    doi = {10.1007/s10584-011-0045-5},
    issn = {01650009}
}

@article{Belter2013,
    title = {{A bibliometric analysis of climate engineering research}},
    year = {2013},
    journal = {Wiley Interdisciplinary Reviews: Climate Change},
    author = {Belter, Christopher W. and Seidel, Dian J.},
    number = {5},
    pages = {417--427},
    volume = {4},
    isbn = {1757-7799},
    doi = {10.1002/wcc.229},
    issn = {17577780}
}

@article{Maiya2014,
    title = {{Topic Similarity Networks: Visual Analytics for Large Document Sets}},
    year = {2014},
    author = {Maiya, Arun S and Rolfe, Robert M},
    arxivId = {arXiv:1409.7591v1}
}

@article{Hornik2011,
    title = {{topicmodels: An R package for fitting topic models}},
    year = {2011},
    journal = {Journal of Statistical Software},
    author = {Hornik, K and Gr{\"{u}}n, B},
    url = {http://epub.wu.ac.at/3987/},
    isbn = {1548-7660},
    keywords = {gibbs sampling, r, text analysis, topic model, variational em}
}

@article{VanEck2010,
    title = {{Software survey: VOSviewer, a computer program for bibliometric mapping}},
    year = {2010},
    journal = {Scientometrics},
    author = {van Eck, Nees Jan and Waltman, Ludo},
    number = {2},
    pages = {523--538},
    volume = {84},
    isbn = {2175-1935},
    doi = {10.1007/s11192-009-0146-3},
    issn = {01389130},
    pmid = {20585380},
    keywords = {Bibliometric mapping, Journal co-citation analysis, Science mapping, VOS, VOSviewer, Visualization}
}

@article{Chuang2012,
    title = {{Termite}},
    year = {2012},
    journal = {Proceedings of the International Working Conference on Advanced Visual Interfaces - AVI '12},
    author = {Chuang, Jason and Manning, Christopher D. and Heer, Jeffrey},
    pages = {74},
    url = {http://dl.acm.org/citation.cfm?doid=2254556.2254572},
    isbn = {9781450312875},
    doi = {10.1145/2254556.2254572},
    keywords = {seriation, text visualization, topic models}
}

@article{Chaney2012,
    title = {{Visualizing Topic Models.}},
    year = {2012},
    journal = {Icwsm},
    author = {Chaney, Ajb and Blei, Dm},
    pages = {419--422},
    isbn = {9781577355564},
    keywords = {Short Papers}
}

@article{Bjurstrm2011,
    title = {{Physical and economic bias in climate change research: A scientometric study of IPCC Third Assessment Report}},
    year = {2011},
    journal = {Climatic Change},
    author = {Bjurstr??m, Andreas and Polk, Merritt},
    number = {1},
    pages = {1--22},
    volume = {108},
    isbn = {0165-0009},
    doi = {10.1007/s10584-011-0018-8},
    issn = {01650009}
}

@article{Blei2007,
    title = {{A correlated topic model of Science}},
    year = {2007},
    journal = {The Annals of Applied Statistics},
    author = {Blei, David M. and Lafferty, John D.},
    number = {1},
    pages = {17--35},
    volume = {1},
    url = {http://arxiv.org/abs/0712.1486},
    isbn = {1595933832},
    doi = {10.1214/07-AOAS136},
    issn = {1932-6157},
    arxivId = {0712.1486}
}

@article{Cohen2012,
    title = {{Conversations}},
    year = {2012},
    journal = {Journal of Digital Humanities},
    author = {Cohen, Daniel J and Troyano, Joan Fragaszy and Hoffman, Sasha and Editor, Associate and Wieringa, Jeri and Editor, Associate and Meeks, Elijah and Weingart, Scott and Editors, Guest and Rosenzweig, R O Y and Media, N E W},
    number = {1},
    volume = {2},
    doi = {10.1089/jpm.2013.0563},
    issn = {1557-7740},
    pmid = {25153044}
}

@article{Qian2015,
    title = {{Recent advances in utilization of biochar}},
    year = {2015},
    journal = {Renewable and Sustainable Energy Reviews},
    author = {Qian, Kezhen and Kumar, Ajay and Zhang, Hailin and Bellmer, Danielle and Huhnke, Raymond},
    number = {February},
    pages = {1055--1064},
    volume = {42},
    isbn = {1364-0321},
    doi = {10.1016/j.rser.2014.10.074},
    issn = {13640321},
    keywords = {Adsorbent, Biochar, Biochar application, Biochar-based catalyst, Char}
}

@article{C.G.vanSteen2007,
    title = {{Revised fields of science and technology (FOS) in the Frascati Manual}},
    year = {2007},
    journal = {Ocde},
    author = {C. G. van Steen, Jan},
    number = {2006},
    pages = {12},
    isbn = {92-64-19903-9}
}

@article{Bornmann2015,
    title = {{Growth Rates of Modern Science : A Bibliometric Analysis Based on the Number of Publications and Cited References}},
    year = {2015},
    author = {Bornmann, Lutz},
    pages = {1--28},
    doi = {10.1002/asi}
}

@article{Bhadury2016,
    title = {{Scaling up Dynamic Topic Models}},
    year = {2016},
    author = {Bhadury, Arnab and Chen, Jianfei and Zhu, Jun and Liu, Shixia},
    pages = {381--390},
    isbn = {9781450341431},
    doi = {10.1145/2872427.2883046},
    arxivId = {1602.06049},
    keywords = {Dynamic Topic Model, Experimentation, General Terms Algorithms, Large Scale Machine Learning, MCMC, MPI, Parallel Computing, Performance Keywords Topic Model}
}

@article{Gao,
    title = {{Tracking and Connecting Topics via Incremental Hierarchical Dirichlet Processes}},
    author = {Gao, Zekai J and Song, Yangqiu and Liu, Shixia and Wang, Haixun and Cui, Weiwei and Wei, Hao and Chen, Yang},
    keywords = {-Hierarchical Dirichlet processes, Clustering, Incremental Gibbs Sampling, Mixture models}
}

@article{Snilstveit2013,
    title = {{Evidence Gap Maps: A Tool for Promoting Evidence-Informed Policy and Prioritizing Future Research}},
    year = {2013},
    journal = {The World Bank Independent Evaluation Group},
    author = {Snilstveit, B and Vojtkova, M and Bhavsar, A and Gaarder, M},
    number = {December},
    pages = {1--34},
    volume = {Policy Res},
    url = {https://openknowledge.worldbank.org/handle/10986/16941},
    keywords = {development effectiveness, evaluation, evidence-informed policy, gap maps, intervention effectiveness, knowledge translation, research prioritisation, systematic reviews}
}

@article{McKinnon2015,
    title = {{Sustainability: Map the evidence}},
    year = {2015},
    journal = {Nature},
    author = {McKinnon, Madeleine C. and Cheng, Samantha H. and Garside, Ruth and Masuda, Yuta J. and Miller, Daniel C.},
    number = {7581},
    pages = {185--187},
    volume = {528},
    url = {http://www.nature.com/news/sustainability-map-the-evidence-1.18962},
    doi = {10.1038/528185a}
}

@article{Blei2006,
    title = {{Dynamic Topic Models}},
    year = {2006},
    journal = {International Conference on Machine Learning},
    author = {Blei, David M and Lafferty, John D},
    pages = {113–120},
    isbn = {1595933832},
    doi = {10.1145/1143844.1143859},
    issn = {1932-6157},
    pmid = {9013932},
    arxivId = {arXiv:0712.1486v1}
}

@article{Hoffman2010,
    title = {{Online learning for latent dirichlet allocation}},
    year = {2010},
    journal = {Nips},
    author = {Hoffman, MD and Blei, DM and Bach, Francis},
    pages = {1--9},
    url = {http://videolectures.net/site/normal_dl/tag=83534/nips2010_1291.pdf},
    isbn = {9781450300551},
    doi = {10.1.1.187.1883},
    issn = {08912017}
}

@article{Blei2004,
    title = {{Hierarchical topic models and the nested Chinese restaurant process}},
    year = {2004},
    journal = {Advances in neural information processing systems},
    author = {Blei, David M. and Griffiths, T.L. and Jordan, M.I. and Tenenbaum, J.B.},
    pages = {106},
    volume = {16},
    url = {http://scholar.google.com/scholar?hl=en&btnG=Search&q=intitle:Hierarchical+Topic+Models+and+the+Nested+Chinese+Restaurant+Process#0},
    isbn = {0262201526},
    doi = {10.1016/0169-023X(89)90004-9},
    issn = {0169023X},
    pmid = {25122015},
    arxivId = {arXiv:0710.0845v2}
}

@article{Bagozzi2015,
    title = {{The multifaceted nature of global climate change negotiations}},
    year = {2015},
    journal = {Review of International Organizations},
    author = {Bagozzi, Benjamin E.},
    number = {4},
    pages = {439--464},
    volume = {10},
    doi = {10.1007/s11558-014-9211-7},
    issn = {15597431},
    keywords = {Climate change, International cooperation, UNFCCC}
}

@article{Yu2014,
    title = {{A Scalable Asynchronous Distributed Algorithm for Topic Modeling}},
    year = {2014},
    journal = {Www},
    author = {Yu, Hsiang-Fu and Hsieh, Cho-Jui and Yun, Hyokun and Vishwanathan, S. V. N and Dhillon, Inderjit S.},
    pages = {1--20},
    url = {http://arxiv.org/abs/1412.4986},
    isbn = {9781450334693},
    arxivId = {1412.4986},
    keywords = {sampling, scalability, topic models}
}

@article{Celikyilmaz2010,
    title = {{A Hybrid Hierarchical Model for Multi-Document Summarization}},
    year = {2010},
    journal = {Proceedings of the 48th Annual Meeting of the Association for Computational Linguistics (ACL'10)},
    author = {Celikyilmaz, Asli and Hakkani-tur, Dilek},
    number = {July},
    pages = {815--824},
    isbn = {9781617388088}
}

@misc{Darby2006,
    title = {{THE EFFECTIVENESS OF FEEDBACK ON ENERGY CONSUMPTION}},
    year = {2006},
    author = {Darby, S},
    pages = {20--29},
    volume = {1},
    isbn = {2214-241X},
    doi = {10.1016/j.aqpro.2013.07.003},
    issn = {2214241X},
    pmid = {24439530},
    arxivId = {arXiv:1011.1669v3}
}

@article{VaasaETT2011,
    title = {{The potential of smart meter enabled programs to increase energy and systems efficiency: a mass pilot comparisonShort name: Empower Demand}},
    year = {2011},
    journal = {ESMIG European Smart Metering Industry Group},
    author = {{VaasaETT}},
    pages = {1--92},
    url = {papers2://publication/uuid/45A4910F-C10F-4873-B266-2311EF22FD5E}
}

@article{Aecom2011,
    title = {{Energy Demand Research Project: Final Analysis}},
    year = {2011},
    journal = {Engineering},
    author = {{Aecom}},
    number = {June},
    pages = {16--17},
    url = {http://www.ofgem.gov.uk/Sustainability/EDRP/Pages/EDRP.aspx},
    isbn = {978-85-7669-257-7},
    doi = {60163857}
}

@article{Darby2010,
    title = {{Literature review for the Energy Demand Research Project}},
    year = {2010},
    journal = {Change},
    author = {Darby, Sarah},
    pages = {1--30},
    url = {http://www.mendeley.com/research/literature-review-energy-demand-research-project/}
}

@article{Allcott2011,
    title = {{Rethinking Real Time Electricity Pricing}},
    year = {2011},
    journal = {Resource and Energy Economics},
    author = {Allcott, Hunt},
    number = {October},
    pages = {1--30},
    isbn = {9788578110796},
    doi = {10.1017/CBO9781107415324.004},
    issn = {1098-6596},
    pmid = {25246403},
    arxivId = {arXiv:1011.1669v3},
    keywords = {alberto abadie, bill hogan, eld experiments, energy demand, erich muehlegger, erin mansur, greenstone, i thank, kenny gillingham, larry katz, michael, randomized, real time electricity pricing, sendhil mullainathan, severin borenstein, without implicating}
}

@article{Allcott2012,
    title = {{Real-Time Pricing and Electricity Market Design}},
    year = {2012},
    journal = {NYU Working Paper. Ney York University (NYU)},
    author = {Allcott, Hunt},
    url = {https://www.dropbox.com/s/22rouxvdaymlw0z/Allcott - Real-Time Pricing and Electricity Market Design.pdf?dl=0},
    keywords = {Capacity markets, allan collard-wexler, bill hogan, capacity markets, electricity markets, entry games, erich muehlegger, erin mansur, greenstone, i thank, michael, real-time pricing, real-time pricing., sendhil mullainathan, severin borenstein, steven joyce, susan athey, without implicating, —}
}

@article{Allcott2009,
    title = {{Real Time Pricing and Electricity Markets}},
    year = {2009},
    journal = {Group},
    author = {Allcott, Hunt},
    pages = {1--77},
    url = {http://www.erb.umich.edu/HTML-Email/speakers/Post-docCandidates/documents/jmp-allcott.pdf},
    keywords = {alberto abadie, capacity markets, drew fudenberg, eld experiments, electricity pricing, eric budish, games, i thank, learning, multi unit auctions, randomized, susan athey, without implicating}
}

@article{Stern2016,
    title = {{Towards a science of climate and energy choices}},
    year = {2016},
    journal = {Nature Climate Change},
    author = {Stern, P C and Sovacool, B K and Dietz, T},
    number = {6},
    pages = {547--555},
    volume = {6},
    publisher = {Nature Publishing Group},
    url = {https://www.scopus.com/inward/record.uri?eid=2-s2.0-84971254990&partnerID=40&md5=2790f9355586a8a51bc40e8711adabc2},
    isbn = {1758-678X},
    doi = {10.1038/nclimate3027},
    issn = {1758-678X}
}

@article{Allcott2009a,
    title = {{Social Norms and Energy Conservation}},
    year = {2009},
    journal = {Center for Energy and Environmental Policy Research},
    author = {Allcott, Hunt},
    number = {October},
    pages = {1--35},
    url = {http://linkinghub.elsevier.com/retrieve/pii/S0047272711000478},
    isbn = {9788578110796},
    doi = {10.1016/j.jpubeco.2011.03.003},
    issn = {00472727},
    pmid = {25246403},
    arxivId = {arXiv:1011.1669v3}
}

@article{AswinRajC.2015,
    title = {{Smart Meter Based on Real Time Pricing}},
    year = {2015},
    journal = {Procedia Technology},
    author = {{Aswin Raj C.} and {Aravind E.} and Sundaram B., Ramya and Vasudevan, Shriram K.},
    pages = {120--124},
    volume = {21},
    publisher = {Elsevier B.V.},
    url = {http://dx.doi.org/10.1016/j.protcy.2015.10.018},
    isbn = {2212-0173},
    doi = {10.1016/j.protcy.2015.10.018},
    issn = {22120173}
}

@article{Thesis2012,
    title = {{Real-Time Pricing in the Swedish Electricity Market}},
    year = {2012},
    author = {Thesis, Bachelor},
    number = {January},
    keywords = {electricity, real-time pricing, sweden}
}

@article{Holland2006,
    title = {{The Short-Run Effects of Time-Varying Prices in Competitive Electricity Markets The Short-Run Effects of Time-Varying Prices in Competitive Electricity Markets}},
    year = {2006},
    author = {Holland, Stephen P and Mansur, Erin T},
    number = {May}
}

@article{Borenstein2009,
    title = {{Time-varying retail electricity prices: Theory and practice}},
    year = {2009},
    journal = {Electricity deregulation: choices and challenges},
    author = {Borenstein, Severin},
    pages = {111–130},
    url = {http://faculty.haas.berkeley.edu/BORENSTE/download/RTPchap05.pdf},
    isbn = {9780226308586}
}

@article{Hogan2014,
    title = {{Time of Use Rates and Real-Time Prices}},
    year = {2014},
    author = {Hogan, William W},
    pages = {1--8},
    url = {http://www.hks.harvard.edu/fs/whogan/Hogan_TOU_RTP_Newark_082314.pdf}
}

@article{Holland2008,
    title = {{Is Real-Time Pricing Green?: the Environmental Impacts of Electricity Demand Variance}},
    year = {2008},
    journal = {The Review of Economics and Statistics},
    author = {Holland, S.P. and Mansur, E.T.},
    number = {3},
    pages = {550--561},
    volume = {90},
    isbn = {9788578110796},
    doi = {10.1017/CBO9781107415324.004},
    issn = {1098-6596},
    pmid = {25246403},
    arxivId = {arXiv:1011.1669v3},
    keywords = {icle}
}

@article{Borenstein2013,
    title = {{Effective and Equitable Adoption of Opt-In Residential Dynamic Electricity Pricing}},
    year = {2013},
    journal = {Review of Industrial Organization},
    author = {Borenstein, S.},
    number = {2},
    pages = {127--160},
    volume = {42},
    isbn = {1115101293},
    doi = {10.1007/s11151-012-9367-3},
    issn = {0889938X},
    keywords = {Critical-peak pricing, Real-time pricing, Tariff design}
}

@article{Gambardella2016,
    title = {{Real-Time Electricity Pricing with Heterogeneous Consumers and Variable Renewable Energy Supply: Welfare and Distributional Effects}},
    year = {2016},
    author = {Gambardella, Christian and Pahle, Michael},
    number = {April}
}

@article{Gambardella2015a,
    title = {{Welfare Effects of Dynamic Retail Pricing In The Presence of Variable Renewable Energy Supply and Planning Reserve Margin Constraints}},
    year = {2015},
    author = {Gambardella, C and Pahle, M and Schill, W P},
    number = {49},
    pages = {1--45}
}

@article{Gambardella2015,
    title = {{Welfare Effects of Dynamic Retail Pricing In The Presence of Variable Renewable Energy Supply and Planning Reserve Margin Constraints}},
    year = {2015},
    author = {Gambardella, C and Pahle, M and Schill, W P},
    number = {49},
    pages = {1--45}
}

@article{Stern2016a,
    title = {{Opportunities and insights for reducing fossil fuel consumption by households and organizations}},
    year = {2016},
    journal = {Nature Energy},
    author = {Stern, Paul C. and Janda, Kathryn B. and Brown, Marilyn A. and Steg, Linda and Vine, Edward L. and Lutzenhiser, Loren},
    number = {5},
    pages = {1--6},
    volume = {1},
    url = {http://www.nature.com/articles/nenergy201643},
    doi = {10.1038/nenergy.2016.43},
    issn = {2058-7546}
}

@article{Borenstein2005,
    title = {{The Long-Run Efficiency of Real Time Electricity Pricing}},
    year = {2005},
    journal = {The Energy Journal},
    author = {Borenstein, Severin},
    pages = {93--116},
    volume = {26},
    isbn = {0792396855},
    doi = {10.5547/ISSN0195-6574-EJ-Vol26-No3-5},
    issn = {01956574}
}

@article{Liu2015,
    title = {{SMAS: A smart meter data analytics system}},
    year = {2015},
    journal = {Proceedings - International Conference on Data Engineering},
    author = {Liu, Xiufeng and Golab, Lukasz and Ilyas, Ihab F.},
    pages = {1476--1479},
    volume = {2015-May},
    isbn = {9781479979639},
    doi = {10.1109/ICDE.2015.7113405},
    issn = {10844627}
}

@article{Sioshansi2009,
    title = {{Evaluating the Impacts of Real Time Pricing on the Usage of Wind Power Generation}},
    year = {2009},
    journal = {IEEE Transactions on Power Systems},
    author = {Sioshansi, Ramteen and Short, Walter},
    number = {2},
    pages = {516--524},
    volume = {24},
    keywords = {electricity, wind generation, intermittency, real-}
}

@article{Allcott2014,
    title = {{The short-run and long-run effects of behavioral interventions: Experimental evidence from energy conservation}},
    year = {2014},
    journal = {American Economic Review},
    author = {Allcott, Hunt and Rogers, Todd},
    number = {10},
    pages = {3003--3037},
    volume = {104},
    isbn = {0002-8282},
    doi = {10.1257/aer.104.10.3003},
    issn = {00028282},
    pmid = {25246403},
    arxivId = {arXiv:1011.1669v3},
    keywords = {analyst at the utility, and the senior evaluation, ciency, david cesarini, energy e, for feedback and, francesca gino, gary charness, gneezy, habit formation, persistence, sendhil mullainathan, social comparisons, uri, we thank ken agnew, xavier gabaix}
}

@article{Ito2014,
    title = {{The Persistence of Intrinsic and Extrinsic Motivation: Experimental Evidence from Energy Demand}},
    year = {2014},
    journal = {The Persistence of Intrinsic and Extrinsic Motivation: Experimental Evidence from Energy Demand},
    author = {Ito, K and Takanori, I and Tanaka, M}
}

@article{Kempener2013,
    title = {{Smart Grids and Renewables - A Guide for Effective Deployment}},
    year = {2013},
    journal = {International Renewable Energy Agency},
    author = {Kempener, Ruud and Komor, Paul and Hoke, Anderson},
    number = {November},
    pages = {47},
    keywords = {IRENA publication}
}

@article{Darby2006a,
    title = {{the Effectiveness of Feedback on Energy Consumption a Review for Defra of the Literature on Metering , Billing and}},
    year = {2006},
    journal = {Environmental Change Institute University of Oxford},
    author = {Darby, Sarah},
    number = {April},
    pages = {1–21},
    volume = {22},
    url = {http://www.citeulike.org/user/cblock/article/4123593},
    isbn = {2169-2637},
    doi = {10.4236/ojee.2013.21002},
    issn = {2169-2637}
}

@article{InternationalEnergyAgency2011,
    title = {{Technology Roadmap - Smart Grids}},
    year = {2011},
    journal = {Current},
    author = {{International Energy Agency}},
    pages = {52},
    url = {https://www.iea.org/publications/freepublications/publication/smartgrids_roadmap.pdf},
    isbn = {9781604138795},
    doi = {10.1007/SpringerReference{\_}7300},
    issn = {13640321},
    keywords = {Roadmap Smart Grid, Smart Grid, Tecnologias Smart Grid}
}

@article{Hirth2013,
    title = {{The market value of variable renewables. The effect of solar wind power variability on their relative price}},
    year = {2013},
    journal = {Energy Economics},
    author = {Hirth, Lion},
    number = {June},
    pages = {218--236},
    volume = {38},
    url = {http://www.sciencedirect.com/science/article/pii/S0140988313000285},
    isbn = {0140-9883},
    doi = {10.1016/j.eneco.2013.02.004},
    issn = {01409883},
    pmid = {25246403},
    arxivId = {arXiv:1011.1669v3},
    keywords = {Cost-benefit analysis, Electricity markets, Intermittency, Market integration of renewables, Variable renewables, Wind and Solar power}
}

@article{Stechow2016,
    title = {{2oC and the SDGs: United they stand, divided they fall?}},
    year = {2016},
    journal = {Environmental Research Letters},
    author = {Stechow, Christoph von and Minx, Jan C and Riahi, Keywan and Jewell, Jessica and McCollum, David L and Callaghan, Max W and Bertram, Christoph and Luderer, Gunnar and Baiocchi, Giovanni},
    number = {3},
    pages = {34022},
    volume = {11},
    publisher = {IOP Publishing},
    url = {http://dx.doi.org/10.1088/1748-9326/11/3/034022},
    isbn = {1748-9326},
    doi = {10.1088/1748-9326/11/3/034022},
    issn = {1748-9326},
    keywords = {climate change mitigation, climate policy, co-bene fi ts, co-benefits, energy ef fi ciency, energy efficiency, mitigation, mitigation risks, risk management, sustainable development}
}

@article{Gottwalt2011,
    title = {{Demand side management-A simulation of household behavior under variable prices}},
    year = {2011},
    journal = {Energy Policy},
    author = {Gottwalt, Sebastian and Ketter, Wolfgang and Block, Carsten and Collins, John and Weinhardt, Christof},
    number = {12},
    pages = {8163--8174},
    volume = {39},
    publisher = {Elsevier},
    url = {http://dx.doi.org/10.1016/j.enpol.2011.10.016},
    isbn = {0301-4215},
    doi = {10.1016/j.enpol.2011.10.016},
    issn = {03014215},
    keywords = {Demand side management, Load shifting, Smart appliances}
}

@article{Staddon2016,
    title = {{Intervening to change behaviour and save energy in the workplace: A systematic review of available evidence}},
    year = {2016},
    journal = {Energy Research and Social Science},
    author = {Staddon, Sam C. and Cycil, Chandrika and Goulden, Murray and Leygue, Caroline and Spence, Alexa},
    pages = {30--51},
    volume = {17},
    publisher = {Elsevier Ltd},
    url = {http://dx.doi.org/10.1016/j.erss.2016.03.027},
    doi = {10.1016/j.erss.2016.03.027},
    issn = {22146296},
    keywords = {Behaviour change, Behaviour change wheel, Energy use, Intervention, Review, Workplace}
}

@article{Bedwell2014,
    title = {{Apportioning energy consumption in the workplace: a review of issues in using metering data to motivate staff to save energy}},
    year = {2014},
    journal = {Technology Analysis {\&} Strategic Management},
    author = {Bedwell, Ben and Leygue, Caroline and Goulden, Murray and McAuley, Derek and Colley, James and Ferguson, Eamonn and Banks, Nick and Spence, Alexa},
    number = {10},
    pages = {1196--1211},
    volume = {26},
    url = {http://www.tandfonline.com/doi/abs/10.1080/09537325.2014.978276%5Cnhttp://www.tandfonline.com/doi/full/10.1080/09537325.2014.978276},
    isbn = {09537325},
    doi = {10.1080/09537325.2014.978276},
    issn = {0953-7325},
    pmid = {99753599},
    keywords = {BMS, behaviour change, data, energy monitoring, non-domestic, smart meter}
}

@article{Torriti2012,
    title = {{Price-based demand side management: Assessing the impacts of time-of-use tariffs on residential electricity demand and peak shifting in Northern Italy}},
    year = {2012},
    journal = {Energy},
    author = {Torriti, Jacopo},
    number = {1},
    pages = {576--583},
    volume = {44},
    publisher = {Elsevier},
    url = {http://dx.doi.org/10.1016/j.energy.2012.05.043},
    isbn = {0360-5442},
    doi = {10.1016/j.energy.2012.05.043},
    issn = {03605442},
    keywords = {Demand side management, Residential electricity demand, Smart meters, Time-of-Use}
}

@article{Davis2013,
    title = {{Setting a standard for electricity pilot studies}},
    year = {2013},
    journal = {Energy Policy},
    author = {Davis, Alexander L. and Krishnamurti, Tamar and Fischhoff, Baruch and Bruine de Bruin, Wandi},
    pages = {401--409},
    volume = {62},
    publisher = {Elsevier},
    url = {http://dx.doi.org/10.1016/j.enpol.2013.07.093},
    isbn = {4122686938},
    doi = {10.1016/j.enpol.2013.07.093},
    issn = {03014215},
    keywords = {Dynamic pricing, In-home display, Smart thermostat}
}

@book{Torriti2016,
    title = {{Peak Energy Demand and Demand Side Response}},
    year = {2016},
    booktitle = {Peak Energy Demand and Demand Side Response},
    author = {Torriti, Jacopo},
    pages = {1--172},
    url = {http://www.scopus.com/inward/record.url?eid=2-s2.0-84941949720&partnerID=tZOtx3y1},
    isbn = {9781315781099},
    doi = {10.4324/9781315781099}
}

@article{Pullinger2014,
    title = {{Influencing household energy practices: a critical review of UK smart metering standards and commercial feedback devices}},
    year = {2014},
    journal = {Technology Analysis {\&} Strategic Management},
    author = {Pullinger, Martin and Lovell, Heather and Webb, Janette},
    number = {10},
    pages = {1144–1162},
    volume = {26},
    url = {http://www.tandfonline.com.proxy.library.uu.nl/doi/abs/10.1080/09537325.2014.977245#.VGYM5fmG_VE},
    isbn = {09537325},
    doi = {10.1080/09537325.2014.977245},
    issn = {0953-7325},
    pmid = {99753598},
    keywords = {behaviour change, feedback, reflection practice, smart meters, standards, theories of social practice}
}

@article{Wilson2015,
    title = {{Smart homes and their users: a systematic analysis and key challenges}},
    year = {2015},
    journal = {Personal and Ubiquitous Computing},
    author = {Wilson, Charlie and Hargreaves, Tom and Hauxwell-Baldwin, Richard},
    number = {2},
    pages = {463--476},
    volume = {19},
    isbn = {1617-4909},
    doi = {10.1007/s00779-014-0813-0},
    issn = {16174909},
    keywords = {Assisted living, Energy, Households, Smart homes, Technologies, Users}
}

@article{Jiang2016,
    title = {{A topic modeling based bibliometric exploration of hydropower research}},
    year = {2016},
    journal = {Renewable and Sustainable Energy Reviews},
    author = {Jiang, Hanchen and Qiang, Maoshan and Lin, Peng},
    pages = {226--237},
    volume = {57},
    publisher = {Elsevier},
    url = {http://dx.doi.org/10.1016/j.rser.2015.12.194},
    doi = {10.1016/j.rser.2015.12.194},
    issn = {1364-0321},
    keywords = {Bibliometrics, Hydropower, Renewable energy, Research trends, Topic modeling}
}

@article{1748-9326-11-3-034022,
    title = {{2 {${}^\circ$}C and SDGs: united they stand, divided they fall?}},
    year = {2016},
    journal = {Environmental Research Letters},
    author = {von Stechow, Christoph and Minx, Jan C and Riahi, Keywan and Jewell, Jessica and McCollum, David L and Callaghan, Max W and Bertram, Christoph and Luderer, Gunnar and Baiocchi, Giovanni},
    number = {3},
    pages = {34022},
    volume = {11},
    url = {http://stacks.iop.org/1748-9326/11/i=3/a=034022}
}

@article{Kane2016,
    title = {{A systematic review of perennial staple crops literature using topic modeling and bibliometric analysis}},
    year = {2016},
    journal = {PLoS ONE},
    author = {Kane, Daniel A. and Rog??, Paul and Snapp, Sieglinde S.},
    number = {5},
    pages = {1--18},
    volume = {11},
    doi = {10.1371/journal.pone.0155788},
    issn = {19326203}
}

@article{Charidimou2015,
    title = {{Mapping the landscape of cerebral amyloid angiopathy research: an informetric analysis perspective}},
    year = {2015},
    author = {Charidimou, Andreas and Fox, Zoe and Werring, David J and Song, Min},
    pages = {1--8},
    doi = {10.1136/jnnp-2015-310690}
}

@unpublished{minx2016negative,
    title = {{Fast growing research on negative emissions}},
    year = {2017},
    booktitle = {Environmental Research Letters},
    author = {Minx, J C and Lamb, W F and Callaghan, M W and Bornmann, L and Fuss, S}
}

@unpublished{minx2016learning,
    title = {{Learning about climate change solutions}},
    year = {2016},
    booktitle = {Environmental Science and Policy. Manuscript submitted for publication},
    author = {Minx, J C and Callaghan, M W and Lamb, W F and Garard, J and Edenhoffer, O}
}

@article{Hashimoto2016,
    title = {{Topic detection using paragraph vectors to support active learning in systematic reviews}},
    year = {2016},
    journal = {Journal of Biomedical Informatics},
    author = {Hashimoto, Kazuma and Kontonatsios, Georgios and Miwa, Makoto and Ananiadou, Sophia},
    pages = {59--65},
    volume = {62},
    publisher = {The Authors},
    url = {http://dx.doi.org/10.1016/j.jbi.2016.06.001},
    doi = {10.1016/j.jbi.2016.06.001},
    issn = {1532-0464}
}

@article{Lansley2016,
    title = {{The geography of Twitter topics in London}},
    year = {2016},
    journal = {CEUS},
    author = {Lansley, Guy and Longley, Paul A},
    pages = {85--96},
    volume = {58},
    publisher = {The Authors},
    url = {http://dx.doi.org/10.1016/j.compenvurbsys.2016.04.002},
    doi = {10.1016/j.compenvurbsys.2016.04.002},
    issn = {0198-9715},
    keywords = {Geotemporal, Latent Dirichlet Allocation, Social media, Topic modelling, Twitter}
}

@article{Nunez-Mir2016,
    title = {{Automated content analysis: addressing the big literature challenge in ecology and evolution}},
    year = {2016},
    journal = {Methods in Ecology and Evolution},
    author = {Nunez-Mir, Gabriela C. and Iannone, Basil V. and Pijanowski, Bryan C. and Kong, Ningning and Fei, Songlin and Fitzjohn, Richard},
    number = {11},
    pages = {1262--1272},
    volume = {7},
    doi = {10.1111/2041-210X.12602},
    issn = {2041210X},
    arxivId = {1011.1669},
    keywords = {concept map, literature review, machine learning, quantitative review, research synthesis, text mining, topic modelling}
}

@article{Grubert2016,
    title = {{Benefits and applications of interdisciplinary digital tools for environmental meta-reviews and analyses}},
    year = {2016},
    journal = {Environmental Research Letters},
    author = {Grubert, Emily and Siders, Anne},
    number = {9},
    pages = {093001},
    volume = {11},
    publisher = {IOP Publishing},
    url = {http://stacks.iop.org/1748-9326/11/i=9/a=093001?key=crossref.846175a63e04dc37c8d90ff4d672c204},
    doi = {10.1088/1748-9326/11/9/093001},
    issn = {1748-9326},
    keywords = {adaptive capacity, collocation analysis, computational, computational social science, digital humanities, life cycle assessment, text mining, topic modeling}
}

@article{Light2016,
    title = {{Knowledge in motion: the evolution of HIV/AIDS research}},
    year = {2016},
    journal = {Scientometrics},
    author = {Light, Ryan and Adams, Jimi},
    number = {3},
    pages = {1227--1248},
    volume = {107},
    publisher = {Springer Netherlands},
    doi = {10.1007/s11192-016-1933-2},
    issn = {15882861},
    keywords = {Dynamic networks, HIV/AIDS research, Interdisciplinarity, Topic models}
}

@article{McFarland2013,
    title = {{Differentiating language usage through topic models}},
    year = {2013},
    journal = {Poetics},
    author = {McFarland, Daniel A. and Ramage, Daniel and Chuang, Jason and Heer, Jeffrey and Manning, Christopher D. and Jurafsky, Daniel},
    number = {6},
    pages = {607--625},
    volume = {41},
    publisher = {Elsevier B.V.},
    url = {http://dx.doi.org/10.1016/j.poetic.2013.06.004},
    isbn = {0304-422X},
    doi = {10.1016/j.poetic.2013.06.004},
    issn = {0304422X},
    keywords = {Culture, Domains, Language differentiation, Sociology, Text, Topic models}
}

@article{Bekhuis2014,
    title = {{Feature engineering and a proposed decision-support system for systematic reviewers of medical evidence}},
    year = {2014},
    journal = {PLoS ONE},
    author = {Bekhuis, Tanja and Tseytlin, Eugene and Mitchell, Kevin J. and Demner-Fushman, Dina},
    number = {1},
    pages = {1--10},
    volume = {9},
    isbn = {1932-6203},
    doi = {10.1371/journal.pone.0086277},
    issn = {19326203},
    pmid = {24475099}
}

@article{Bettencourt2011,
    title = {{Evolution and structure of sustainability science}},
    year = {2011},
    journal = {Proceedings of the National Academy of Sciences},
    author = {Bettencourt, Luís M. A. and Kaur, Jasleen},
    number = {49},
    pages = {19540--19545},
    volume = {108},
    url = {http://www.pnas.org/content/early/2011/11/22/1102712108.abstract},
    isbn = {1102712108},
    doi = {10.1073/pnas.1102712108},
    issn = {0027-8424, 1091-6490},
    pmid = {22114186}
}

@article{Convertino2014,
    title = {{‘’ Reading the Minds ’’ for Quantitative Sustainability : Assessing Stakeholder Mental Models via Probabilistic Text Analysis}},
    year = {2014},
    author = {Convertino, Matteo and Munoz-carpena, Rafael and Murcia, Carolina},
    pages = {1--32}
}

@article{Evans2016,
    title = {{Machine Translation: Mining Text for Social Theory}},
    year = {2016},
    journal = {Annual Review of Sociology},
    author = {Evans, James A. and Aceves, Pedro},
    number = {1},
    pages = {21--50},
    volume = {42},
    url = {http://www.annualreviews.org/doi/10.1146/annurev-soc-081715-074206},
    isbn = {0360-0572},
    doi = {10.1146/annurev-soc-081715-074206},
    issn = {0360-0572},
    keywords = {big data, computational methods, content analysis, grounded theory, machine learning, natural language processing, text analysis}
}

@article{Wang2016,
    title = {{Towards felicitous decision making: An overview on challenges and trends of Big Data}},
    year = {2016},
    journal = {Information Sciences},
    author = {Wang, Hai and Xu, Zeshui and Fujita, Hamido and Liu, Shousheng},
    number = {July},
    pages = {747--765},
    volume = {367-368},
    doi = {10.1016/j.ins.2016.07.007},
    issn = {00200255},
    pmid = {117293839},
    keywords = {Big Data, Computational social science, Data analysis, Data deluge, Data-intensive applications, Decision making}
}

@misc{IPCC2013,
    title = {{Principles governing IPCC work}},
    year = {2013},
    author = {{IPCC}},
    url = {https://www.ipcc.ch/pdf/ipcc-principles/ipcc-principles.pdf}
}

@article{Edenhofer2015,
    title = {{Cartography of pathways: A new model for environmental policy assessments}},
    year = {2015},
    journal = {Environmental Science and Policy},
    author = {Edenhofer, Ottmar and Kowarsch, Martin},
    pages = {56--64},
    volume = {51},
    publisher = {Elsevier Ltd},
    url = {http://dx.doi.org/10.1016/j.envsci.2015.03.017},
    doi = {10.1016/j.envsci.2015.03.017},
    issn = {18736416},
    keywords = {Environmental assessment, Means-consequence, Policy pathway, Public policy analysis, Side effect, Value judgement}
}

@article{Elshamy2013,
    title = {{Continuous-time Infinite Dynamic Topic Models}},
    year = {2013},
    author = {Elshamy, Wesam Samy},
    arxivId = {1302.7088v1}
}

@article{Suominen2016,
    title = {{Map of science with topic modeling: Comparison of unsupervised learning and human-assigned subject classification}},
    year = {2016},
    journal = {Journal of the Association for Information Science and Technology},
    author = {Suominen, Arho and Toivanen, Hannes},
    number = {10},
    month = {10},
    pages = {2464--2476},
    volume = {67},
    url = {http://doi.wiley.com/10.1002/asi.23596},
    doi = {10.1002/asi.23596},
    issn = {23301635}
}

@article{Westgate2015,
    title = {{Text analysis tools for identification of emerging topics and research gaps in conservation science}},
    year = {2015},
    journal = {Conservation Biology},
    author = {Westgate, Martin J. and Barton, Philip S. and Pierson, Jennifer C. and Lindenmayer, David B.},
    number = {6},
    pages = {1606--1614},
    volume = {29},
    isbn = {1523-1739},
    doi = {10.1111/cobi.12605},
    issn = {15231739},
    pmid = {26271213},
    keywords = {Hot topics, Indicators, Latent Dirichlet allocation, Surrogates, Synthesis}
}

@article{Li2014,
    title = {{Experiments with Dynamic Topic Models}},
    year = {2014},
    journal = {Kdd},
    author = {Li, Jinjing and Buntine, Wray},
    isbn = {9781450329569},
    keywords = {abc news, dynamic topic modelling, experimental results}
}

@article{Tvinnereim2015,
    title = {{Explaining topic prevalence in answers to open-ended survey questions about climate change}},
    year = {2015},
    journal = {Nature Climate Change},
    author = {Tvinnereim, Endre and Fl{\o}ttum, Kjersti},
    number = {8},
    pages = {744--747},
    volume = {5},
    url = {http://www.nature.com/doifinder/10.1038/nclimate2663},
    isbn = {1758-678X},
    doi = {10.1038/nclimate2663},
    issn = {1758-678X}
}

@article{Lakshmanan2015,
    title = {{Machine Learning and Data Mining Approaches to Climate Science}},
    year = {2015},
    journal = {Science},
    author = {Lakshmanan, Valliappa and Gilleland, Eric and McGovern, Amy and Tingley, Martin},
    pages = {185--194},
    url = {http://link.springer.com/10.1007/978-3-319-17220-0},
    isbn = {978-3-319-17219-4},
    doi = {10.1007/978-3-319-17220-0},
    keywords = {abrupt climate, autocorrelation, change, change detection, non-stationary, time series}
}

@article{Hall2008,
    title = {{Studying the history of ideas using topic models}},
    year = {2008},
    journal = {Proceedings of the Conference on Empirical Methods in Natural Language Processing - EMNLP '08},
    author = {Hall, David and Jurafsky, Daniel and Manning, Christopher D.},
    pages = {363--371},
    doi = {10.3115/1613715.1613763}
}

@book{Price1963,
    title = {{Little science, big science...and beyond}},
    year = {1963},
    author = {Price, Derek John de Solla},
    publisher = {Columbia University Press},
    address = {New York}
}

@article{Wang2006,
    title = {{Topics over time: a non-Markov continuous-time model of topical trends}},
    year = {2006},
    journal = {Proceedings of the 12th ACM SIGKDD International Conference on Knowledge Discovery and Data Mining},
    author = {Wang, Xuerui and McCallum, Andrew},
    pages = {424--433},
    isbn = {1595933395},
    doi = {10.1145/1150402.1150450},
    issn = {1595933395},
    keywords = {graphical models, temporal analysis, topic modeling}
}

@article{Wang2008,
    title = {{Continuous Time Dynamic Topic Models}},
    year = {2008},
    journal = {Proc of UAI},
    author = {Wang, Chong and Blei, David and Heckerman, David},
    pages = {579--586},
    url = {http://citeseerx.ist.psu.edu/viewdoc/download?doi=10.1.1.139.4535&amp;rep=rep1&amp;type=pdf},
    isbn = {0-9749039-4-9},
    arxivId = {1206.3298}
}

@article{Sleeman2016,
    title = {{Dynamic Topic Modeling to Infer the Influence of Research Citations on IPCC Assessment Reports{\}}}},
    year = {2016},
    journal = {Big Data Challenges, Research, and Technologies in the Earth and Planetary Sciences Workshop, IEEE BigData 2016},
    author = {Sleeman, Jennifer and Halem, Milton and Finin, Tim and Cane, Mark},
    keywords = {-big data, are changing over time, cross-domain correlation, data integration, domain influence, domain influences another is, of understanding how one, to, topic model, understand how these domains}
}

@article{VonStechow2016,
    title = {{2{${}^\circ$}C and SDGs: United they stand, divided they fall?}},
    year = {2016},
    journal = {Environmental Research Letters},
    author = {Von Stechow, C. and Minx, J.C. and Riahi, K. and Jewell, J. and McCollum, D.L. and Callaghan, M.W. and Bertram, C. and Luderer, G. and Baiocchi, G.},
    number = {3},
    volume = {11},
    doi = {10.1088/1748-9326/11/3/034022},
    issn = {17489326 17489318},
    keywords = {[climate change mitigation, climate policy, co-ben}
}

@misc{Elsevier2017,
    title = {{Content - Scopus - Solutions Elsevier}},
    year = {2017},
    booktitle = {Elseivier Home Page},
    author = {{Elsevier}},
    url = {https://www.elsevier.com/solutions/scopus/content}
}

@article{Edenhofer2014,
    title = {{Mapmakers and navigators, facts and values}},
    year = {2014},
    journal = {Science},
    author = {Edenhofer, Ottmar and Minx, Jan},
    number = {6192},
    pages = {37--38},
    volume = {345},
    url = {http://www.sciencemag.org/content/345/6192/37.short},
    isbn = {1095-9203 (Electronic)0036-8075 (Linking)},
    doi = {10.1126/science.1255998},
    issn = {1095-9203},
    pmid = {24994640},
    keywords = {Administrative Personnel, Carbon Dioxide, Carbon Dioxide: analysis, Federal Government, Fossil Fuels, Greenhouse Effect, Humans, Policy Making, Research Personnel, Vehicle Emissions, Vehicle Emissions: analysis}
}

@article{Funtowicz1993,
    title = {{Science for the post-normal age}},
    year = {1993},
    journal = {Futures},
    author = {Funtowicz, Silvio O. and Ravetz, Jerome R.},
    number = {7},
    pages = {739--755},
    volume = {25},
    isbn = {0016-3287},
    doi = {10.1016/0016-3287(93)90022-L},
    issn = {00163287},
    pmid = {100}
}

@article{Gluckman2016,
    title = {{The science-policy interface}},
    year = {2016},
    journal = {Science},
    author = {Gluckman, P.},
    number = {6303},
    pages = {969--969},
    volume = {353},
    url = {http://www.sciencemag.org/cgi/doi/10.1126/science.aai8837},
    isbn = {1095-9203 (Electronic)0036-8075 (Linking)},
    doi = {10.1126/science.aai8837},
    issn = {0036-8075},
    pmid = {27701091},
    keywords = {Science Magazine Article}
}

@article{Algee-hewitt2016,
    title = {{Literary Lab Pamphlet 11}},
    year = {2016},
    journal = {Pamphlets of the Standford Literary Lab},
    author = {Algee-hewitt, Mark and Allison, Sarah and Gemma, Marissa and Walser, Hannah and Gemma, Marissa and Algee-hewitt, Mark},
    number = {January},
    pages = {1--13},
    volume = {11}
}

@article{Khabsa2014,
    title = {{The number of scholarly documents on the public web}},
    year = {2014},
    journal = {PLoS ONE},
    author = {Khabsa, Madian and Giles, C. Lee},
    number = {5},
    volume = {9},
    doi = {10.1371/journal.pone.0093949},
    issn = {19326203},
    pmid = {24817403}
}

@book{Moretti2013,
    title = {{Distant Reading}},
    year = {2013},
    author = {Moretti, Franco},
    publisher = {Verso},
    address = {London},
    isbn = {9781781680841}
}

@article{Zeng2012,
    title = {{Synonym, topic model and predicate-based query expansion for retrieving clinical documents.}},
    year = {2012},
    journal = {AMIA ... Annual Symposium proceedings / AMIA Symposium. AMIA Symposium},
    author = {Zeng, Qing T and Redd, Doug and Rindflesch, Thomas and Nebeker, Jonathan},
    pages = {1050--9},
    volume = {2012},
    url = {http://www.pubmedcentral.nih.gov/articlerender.fcgi?artid=3540443&tool=pmcentrez&rendertype=abstract},
    isbn = {1942-597X (Electronic){\textbackslash}r1559-4076 (Linking)},
    issn = {1942-597X},
    pmid = {23304381},
    keywords = {Abstracting and Indexing as Topic, Clinical Medicine, Information Storage and Retrieval, Information Storage and Retrieval: methods, MEDLINE, Medical Records, Natural Language Processing, Unified Medical Language System, Vocabulary, Controlled}
}

@article{Cohen2010,
    title = {{Evidence-based medicine, the essential role of systematic reviews, and the need for automated text mining tools}},
    year = {2010},
    journal = {Proceedings of the ACM international conference on Health informatics - IHI '10},
    author = {Cohen, Aaron M and Adams, Clive E and Davis, John M and Yu, Clement and Yu, Philip S and Meng, Weiyi and Duggan, Lorna and McDonagh, Marian and Smalheiser, Neil R},
    pages = {376},
    url = {http://portal.acm.org/citation.cfm?doid=1882992.1883046},
    isbn = {9781450300308},
    doi = {10.1145/1882992.1883046},
    keywords = {evidence-based, information storage and retrieval, text-mining}
}

@article{Conte2012,
    title = {{Manifesto of computational social science}},
    year = {2012},
    journal = {European Physical Journal: Special Topics},
    author = {Conte, R. and Gilbert, N. and Bonelli, G. and Cioffi-Revilla, C. and Deffuant, G. and Kertesz, J. and Loreto, V. and Moat, S. and Nadal, J. P. and Sanchez, A. and Nowak, A. and Flache, A. and San Miguel, M. and Helbing, D.},
    number = {1},
    pages = {325--346},
    volume = {214},
    doi = {10.1140/epjst/e2012-01697-8},
    issn = {19516355}
}

@article{Lazer2009,
    title = {{Life in the network: the coming age of computational social science}},
    year = {2009},
    journal = {Science},
    author = {Lazer, David and Brewer, Devon and Christakis, Nicholas and Fowler, James and King, Gary},
    number = {5915},
    pages = {721--723},
    volume = {323},
    isbn = {1095-9203},
    doi = {10.1126/science.1167742.Life},
    issn = {00368075},
    pmid = {19197046}
}

@article{Kowarsch2015,
    title = {{Policy assessments to enhance EU scientific advice}},
    year = {2015},
    journal = {Nature Climate Change},
    author = {Kowarsch, Martin},
    number = {1},
    pages = {1--5},
    volume = {6},
    publisher = {Nature Publishing Group},
    url = {http://dx.doi.org/10.1038/nclimate2835},
    doi = {10.1038/nclimate2835},
    issn = {1758-678X}
}

@article{Jordan2015,
    title = {{Machine learning: Trends, perspectives, and prospects.}},
    year = {2015},
    journal = {Science (New York, N.Y.)},
    author = {Jordan, M I and Mitchell, T M and Valiant, L. and Chandrasekaran, V. and Jordan, M. I. and Decatur, S. and Goldreich, O. and Ron, D. and Schmidhuber, J. and Krizhevsky, A. and Sutskever, I. and Hinton, G. and Hinton, G. and Deng, L. and Yu, D. and Dahl, G. and Mohamed, A. and Jaitly, N. and Senior, A. and Vanhoucke, V. and Nguyen, P. and Sainath, T. and Kingsbury, B. and Hinton, G. E. and Salakhutdinov, R. R. and Mnih, V. and Kavukcuoglu, K. and Silver, D. and Rusu, A. A. and Veness, J. and Bellemare, M. G. and Graves, A. and Riedmiller, M. and Fidjeland, A. K. and Ostrovski, G. and Petersen, S. and Beattie, C. and Sadik, A. and Antonoglou, I. and King, H. and Kumaran, D. and Wierstra, D. and Legg, S. and Hassabis, D. and Schultz, W. and Dayan, P. and Montague, P. R. and Blum, A. and Ligett, K. and Roth, A. and Duchi, J. and Jordan, M. I. and Wainwright, J. and Berthet, Q. and Rigollet, P. and Kleiner, A. and Talwalkar, A. and Sarkar, P. and Jordan, M. I. and Mahoney, M. and Taylor, M. and Stone, P. and Wehbe, L. and Murphy, B. and Talukdar, P. and Fyshe, A. and Ramdas, A. and Mitchell, T. and Blei, D.},
    number = {6245},
    pages = {255--60},
    volume = {349},
    url = {http://www.ncbi.nlm.nih.gov/pubmed/26185243%5Cnhttp://science.sciencemag.org/content/349/6245/255},
    isbn = {0036-8075, 0036-8075},
    doi = {10.1126/science.aaa8415},
    issn = {0036-8075},
    pmid = {26185243},
    arxivId = {arXiv:1011.1669v3}
}

@article{Engels2005,
    title = {{The science–policy interface}},
    year = {2005},
    journal = {The Integrated Assessment Journal},
    author = {Engels, Anita},
    number = {1},
    pages = {7--26},
    volume = {5},
    issn = {00368075}
}

@article{Bornmann2016,
    title = {{Policy documents as sources for measuring societal impact: how often is climate change research mentioned in policy-related documents?}},
    year = {2016},
    journal = {Scientometrics},
    author = {Bornmann, Lutz and Haunschild, Robin and Marx, Werner},
    number = {3},
    pages = {1477--1495},
    volume = {109},
    publisher = {Springer Netherlands},
    doi = {10.1007/s11192-016-2115-y},
    issn = {1588-2861},
    keywords = {Climate change,Policy documents,Altmetrics, climate change {\'{a}} policy, documents {\'{a}} altmetrics}
}

@article{Clark1999,
    title = {{The Global Environmental Assessment Project: Learning from Efforts to Link Science and Policy in an Interdependent World}},
    year = {1999},
    journal = {Acclimations},
    author = {Clark, William WC and Dickson, NM Nancy},
    pages = {6--7},
    volume = {8}
}

@article{Boyack2014,
    title = {{Creation of a highly detailed, dynamic, global model and map of science}},
    year = {2014},
    journal = {Journal of the Association for Information Science and Technology},
    author = {Boyack, K. W and Klavans, R},
    number = {4},
    pages = {670--685},
    volume = {65}
}

@article{Lemos2005,
    title = {{The co-production of science and policy in integrated climate assessments}},
    year = {2005},
    journal = {Global Environmental Change},
    author = {Lemos, Maria Carmen and Morehouse, Barbara J.},
    number = {1},
    pages = {57--68},
    volume = {15},
    isbn = {0959-3780},
    doi = {10.1016/j.gloenvcha.2004.09.004},
    issn = {09593780},
    keywords = {Integrated assessment, Iterative model, Stakeholder interaction, Usable science}
}

@article{Cash2001,
    title = {{From science to policy : assessing the assessment process}},
    year = {2001},
    journal = {Social Science Research Network},
    author = {Cash, David W and Clark, W C},
    number = {November},
    pages = {1--45},
    url = {http://www.ssrn.com/abstract=295570},
    isbn = {RWP01-045},
    doi = {10.2139/ssrn.295570},
    issn = {15565068}
}

@book{Pielke2007,
    title = {{The Honest Broker. Making Sense of Science in Policy and Politics}},
    year = {2007},
    author = {{Pielke}},
    publisher = {Cambridge University Press},
    address = {Cambridge}
}

@article{Grieneisen2011,
    title = {{The Current Status of Climate Change Research}},
    year = {2011},
    journal = {Nature Climate Change},
    author = {Grieneisen, Michael and Zhang, Minghua},
    pages = {72--73},
    volume = {1},
    doi = {10.1038/nclimate1093}
}

@article{Cash2014,
    title = {{Knowledge systems for sustainable development}},
    year = {2003},
    journal = {Proceedings of the National Academy of Sciences of the United States of America},
    author = {Cash, David W and Clark, William C and Alcock, Frank and Dickson, Nancy M and Eckley, Noelle and Guston, David H and J{\"{a}}ger, Jill and Mitchell, Ronald B and Cash, David W and Clark, William C and Alcock, Frank and Dickson, Nancy M and Eckley, Noelle and Guston, David H and Jager, Jill and Mitchelll, Ronald B},
    number = {14},
    pages = {8086--8091},
    volume = {100},
    doi = {10.1073/pnas.1231332100}
}

@article{Leydesdorff2015,
    title = {{Scientometrics}},
    year = {2015},
    journal = {International Encyclopedia of the Social {\&} Behavioral Sciences (Second Edition)},
    author = {Leydesdorff, Loet and Milojevi{\'{c}}, Staša},
    pages = {322--327},
    url = {http://www.sciencedirect.com/science/article/pii/B9780080970868850308},
    isbn = {978-0-08-097087-5},
    doi = {http://dx.doi.org/10.1016/B978-0-08-097086-8.85030-8},
    arxivId = {1208.4566},
    keywords = {Bibliometrics, Citation, Impact, Indicator, Library, Mapping, Research management, Science policy, Science studies, Scientometrics, Sociology of science, Visualization}
}

@article{Haunschild2016,
    title = {{Climate Change Research in View of Bibliometrics}},
    year = {2016},
    journal = {PLoS ONE},
    author = {Haunschild, Robin and Bornmann, Lutz and Marx, Werner},
    number = {7},
    pages = {1--19},
    volume = {11},
    doi = {10.1371/journal.pone.0160393}
}

@article{Saha2012,
    title = {{Learning Evolving and Emerging Topics in Social Media : A Dynamic NMF approach with Temporal Regularization}},
    year = {2012},
    journal = {Acm Icwsdm},
    author = {Saha, Ankan and Sindhwani, Vikas},
    pages = {693--702},
    isbn = {9781450307475},
    doi = {10.1145/2124295.2124376},
    keywords = {Dictionary Learning, NMF, Time Series Analysis, Topic Models}
}

@article{Alsumait,
    title = {{On-Line LDA: Adaptive Topic Models for Mining Text Streams with Applications to Topic Detection and Tracking}},
    year = {2008},
    journal = {ACDM},
    author = {Alsumait, Loulwah and Domeniconi, Carlotta}
}

@article{Kowarsch2016,
    title = {{Scientific assessments to facilitate deliberative policy learning}},
    year = {2016},
    journal = {(in Press)},
    author = {Kowarsch, Martin and Garard, Jennifer and Riousset, Pauline and Lenzi, Dominic and Dorsch, Marcel and Knopf, Brigitte and Harrs, Jan-albrecht and Edenhofer, Ottmar},
    number = {December},
    pages = {1--35},
    volume = {2},
    publisher = {Nature Publishing Group},
    url = {http://dx.doi.org/10.1057/palcomms.2016.92},
    doi = {10.1057/palcomms.2016.92},
    issn = {2055-1045},
    keywords = {deliberative, democracy, policy learning, pragmatic-enlightened model, public policy analysis, science-policy interface, scientific assessment, sustainable development}
}

@article{Hoppe1999,
    title = {{Policy analysis, science and politics: from 'speaking truth to power' to 'making sense together'}},
    year = {1999},
    author = {Hoppe, Robert},
    number = {3},
    pages = {201--210},
    volume = {26}
}

@book{IPCC2014a,
    title = {{Climate Change 2014 - Mitigation of Climate Change: Contribution of Working Group III to the Fifth Assessment Rerport of the Intergovernmental Panel on Climate Change}},
    year = {2014},
    author = {{IPCC}},
    editor = {Edenhofer, Ottmar and Pichs-Madruga, R.P and Sokona, Y. and Farahani, E. and Kadner, S and Seyboth, K},
    publisher = {Cambridge University Press},
    address = {Cambridge}
}

@article{Peters2016,
    title = {{The 'best available science' to inform 1.5{${}^\circ$}C policy choices}},
    year = {2016},
    journal = {Nature Climate Change},
    author = {Peters, Glen P},
    number = {Equation 1},
    pages = {1--9},
    volume = {advance on},
    publisher = {Nature Publishing Group},
    url = {http://www.nature.com/nclimate/journal/vaop/ncurrent/full/nclimate3000.html},
    isbn = {1758-678X},
    doi = {10.1038/nclimate3000},
    issn = {1758-678X},
    keywords = {ambitious pledges must, business as usual, comment, exceed the benefits of, is an important, nion, soft power of reputation, the, to make and fulfil}
}

@book{Ringquist2013,
    title = {{Meta-Analysis for Public Management and Policy}},
    year = {2013},
    author = {Ringquist, Evan J},
    editor = {Anderson, Mary R.},
    publisher = {Jossey-Bass},
    address = {San Francisco}
}

@techreport{Allison2011,
    title = {{Quantitative Formalism}},
    year = {2011},
    booktitle = {Stanford Literary Lab Pamphlets},
    author = {Allison, Sarah and Heuser, Ryan and Jockers, Matthew and Moretti, Franco and Witmore, Michael},
    number = {1},
    isbn = {978-1-78168-084-1},
    issn = {0028-6060}
}

@article{Laney2001,
    title = {{META Delta}},
    year = {2001},
    journal = {Application Delivery Strategies},
    author = {Laney, Doug},
    number = {February 2001},
    pages = {4},
    volume = {949},
    isbn = {0950-5849},
    doi = {10.1016/j.infsof.2008.09.005},
    issn = {09505849},
    pmid = {11498596},
    arxivId = {arXiv:cond-mat/0402594v3},
    archivePrefix = {arXiv},
    eprint = {0402594v3},
    primaryClass = {cond-mat}
}

@article{Gandomi2015,
    title = {{Beyond the hype: Big data concepts, methods, and analytics}},
    year = {2015},
    journal = {International Journal of Information Management},
    author = {Gandomi, Amir and Haider, Murtaza},
    number = {2},
    pages = {137--144},
    volume = {35},
    publisher = {Elsevier Ltd},
    url = {http://dx.doi.org/10.1016/j.ijinfomgt.2014.10.007},
    isbn = {02684012},
    doi = {10.1016/j.ijinfomgt.2014.10.007},
    issn = {02684012},
    pmid = {1655112214},
    keywords = {Big data analytics, Big data definition, Predictive analytics, Unstructured data analytics}
}

@article{Moretti2015,
    title = {{Bankspeak : The Language of World Bank Reports, 1946-2012}},
    year = {2015},
    journal = {Pamphlets of the Standford Literary Lab},
    author = {Moretti, Franco and Pestre, Dominique},
    number = {9}
}

@article{Tvinnereim2016,
    title = {{Public perceptions of air pollution and climate change: different manifestations, similar causes, and concerns}},
    year = {2016},
    journal = {Climatic Change},
    author = {Tvinnereim, Endre and Liu, Xiaozi and Jamelske, Eric M.},
    pages = {1--14},
    publisher = {Climatic Change},
    url = {http://link.springer.com/10.1007/s10584-016-1871-2},
    isbn = {1058401618712},
    doi = {10.1007/s10584-016-1871-2},
    issn = {0165-0009}
}

@article{Jagarlamudi2009,
    title = {{Incorporating Lexical Priors into Topic Models}},
    year = {2009},
    journal = {Umiacsumdedu},
    author = {Jagarlamudi, Jagadeesh and Daum, Hal},
    pages = {204--213},
    url = {http://www.umiacs.umd.edu/~jags/pdfs/SeededLDA.pdf},
    isbn = {978-1-937284-19-0}
}

@article{Greene2016,
    title = {{Exploring the Political Agenda of the European Parliament Using a Dynamic Topic Modeling Approach}},
    year = {2016},
    author = {Greene, Derek and Cross, James P},
    pages = {1--47},
    url = {http://arxiv.org/abs/1607.03055},
    arxivId = {1607.03055}
}

@article{Kuang,
    title = {{Fast Rank-2 Nonnegative Matrix Factorization for Hierarchical Document Clustering}},
    author = {Kuang, Da and Park, Haesun},
    keywords = {Experimentation, Performance Keywords Active-set algorithm, hierarchical document clustering, non-negative matrix factorization, rank-2 NMF}
}

@article{Lee1999,
    title = {{Learning the parts of objects by non-negative matrix factorization.}},
    year = {1999},
    journal = {Nature},
    author = {Lee, D D and Seung, H S},
    number = {6755},
    pages = {788--91},
    volume = {401},
    url = {http://www.ncbi.nlm.nih.gov/pubmed/10548103},
    isbn = {0028-0836 (Print){\textbackslash}r0028-0836 (Linking)},
    doi = {10.1038/44565},
    issn = {0028-0836},
    pmid = {10548103},
    arxivId = {arXiv:1408.1149},
    keywords = {Algorithms, Face, Humans, Learning, Models, Neurological, Perception, Perception: physiology, Semantics}
}

@article{Wu2008,
    title = {{Social and Semantics Analysis Via Non-negative Matrix}},
    year = {2008},
    journal = {Www 2008},
    author = {Wu, Zhi-li and Cheng, Chi-wa and Li, Chun-hung},
    pages = {1245--1246},
    isbn = {9781605580852},
    doi = {10.1145/1367497.1367748},
    keywords = {latent inter-, latent topic detection, social network analysis}
}

@article{Janowicz2014,
    title = {{Knowledge Engineering and Knowledge Management 19th International Conference, EKAW 2014 Link??ping, Sweden, November 24-28, 2014 Proceedings}},
    year = {2014},
    journal = {Lecture Notes in Computer Science (including subseries Lecture Notes in Artificial Intelligence and Lecture Notes in Bioinformatics)},
    author = {Janowicz, Krzysztof and Schlobach, Stefan and Lambrix, Patrick and Hyv{\"{o}}nen, Eero},
    volume = {8876},
    isbn = {9783319137032},
    doi = {10.1007/978-3-319-13704-9},
    issn = {16113349}
}

@article{Light2016a,
    title = {{Knowledge in motion: the evolution of HIV/AIDS research}},
    year = {2016},
    journal = {Scientometrics},
    author = {Light, Ryan and Adams, Jimi},
    number = {3},
    pages = {1227--1248},
    volume = {107},
    publisher = {Springer Netherlands},
    doi = {10.1007/s11192-016-1933-2},
    issn = {15882861},
    keywords = {Dynamic networks, HIV/AIDS research, Interdisciplinarity, Topic models}
}

@article{Nunez-Mir2015,
    title = {{Evaluating the evolution of forest restoration research in a changing world: a "big literature" review}},
    year = {2015},
    journal = {New Forests},
    author = {Nunez-Mir, Gabriela C. and Iannone, Basil V. and Curtis, Keeli and Fei, Songlin},
    number = {5-6},
    pages = {669--682},
    volume = {46},
    publisher = {Springer Netherlands},
    isbn = {1105601595},
    doi = {10.1007/s11056-015-9503-7},
    issn = {15735095},
    keywords = {Automated content analysis (ACA), Big literature, Biodiversity, Cyclic development, Degraded, Literature review}
}

@article{Bettencourt2011a,
    title = {{Evolution and structure of sustainability science}},
    year = {2011},
    journal = {Proceedings of the National Academy of Sciences},
    author = {Bettencourt, Luís M A and Kaur, Jasleen},
    number = {49},
    pages = {19540--19545},
    volume = {108},
    url = {http://www.pnas.org/content/early/2011/11/22/1102712108.abstract},
    isbn = {1102712108},
    doi = {10.1073/pnas.1102712108},
    issn = {0027-8424, 1091-6490},
    pmid = {22114186}
}

@article{DeSollaPrice1963,
    title = {{Little Science, Big Science}},
    year = {1963},
    author = {De Solla Price, Derek J.},
    pages = {1--119},
    isbn = {0-231-08562-1}
}

@article{Siebenhuner2002,
    title = {{How do scientific assessments learn? Part 1. Conceptual framework and case study of the IPCC}},
    year = {2002},
    journal = {Environmental Science and Policy},
    author = {Siebenh{\"{u}}ner, Bernd},
    number = {5},
    pages = {411--420},
    volume = {5},
    isbn = {1462-9011},
    doi = {10.1016/S1462-9011(02)00050-3},
    issn = {14629011},
    keywords = {IPCC, LRTAP, Organisational learning, Scientific assessment}
}

@article{Smith2006,
    title = {{Evaluation of unsupervised semantic mapping of natural language with Leximancer concept mapping.}},
    year = {2006},
    journal = {Behavior research methods},
    author = {Smith, Andrew E and Humphreys, Michael S},
    number = {2},
    pages = {262--79},
    volume = {38},
    url = {http://www.ncbi.nlm.nih.gov/pubmed/16956103},
    isbn = {1554-351X},
    doi = {10.3758/bf03192778},
    issn = {1554-351X},
    pmid = {16956103},
    keywords = {Equipment Design, Humans, Language, Linguistics, Linguistics: instrumentation, Semantics}
}

@article{Smith2003,
    title = {{Automatic Extraction of Semantic Networks from Text using Leximancer}},
    year = {2003},
    journal = {Hlt-Naacl 2003},
    author = {Smith, Andrew E},
    number = {June},
    pages = {23--24},
    doi = {10.3115/1073427.1073439},
    keywords = {Leximancer, Methodology}
}

@article{Ward2013,
    title = {{Undefined By Data: A Survey of Big Data Definitions}},
    year = {2013},
    journal = {arXiv.org},
    author = {Ward, Jonathan Stuart and Barker, Adam},
    pages = {2},
    url = {http://arxiv.org/abs/1309.5821%5Cnpapers3://publication/uuid/63831F5F-B214-46D5-8A86-671042BE993F},
    isbn = {9781612083957},
    arxivId = {1309.5821},
    keywords = {Big Data}
}

@article{Scholz2011,
    title = {{Environmental Literacy in Science and Society}},
    year = {2011},
    journal = {Environmental Literacy in Science and Society: From Knowledge to Decisions},
    author = {Scholz, Roland W.},
    number = {January 2011},
    pages = {15--28},
    url = {http://www.scopus.com/inward/record.url?eid=2-s2.0-84930882370&partnerID=tZOtx3y1},
    isbn = {9780511921520},
    doi = {10.1017/CBO9780511921520},
    issn = {1943-815X},
    pmid = {16691326}
}

@book{Scholz2016,
    title = {{Sustainable digital environments: What major challenges is humankind facing?}},
    year = {2016},
    booktitle = {Sustainability (Switzerland)},
    author = {Scholz, Roland W.},
    number = {8},
    pages = {1--31},
    volume = {8},
    isbn = {4327228932330},
    doi = {10.3390/su8080726},
    issn = {20711050},
    keywords = {Appropriation of nature, Cell-based computers, Cell-based computing, Digital revolution, Digital threats, Environmental epigenetics, Genetically modified organisms (GMO), Loss of privacy, Rebound effects}
}

@article{FeasibilityWarming,
    title = {{Feasibility of limiting warming}}
}

@article{NoTitle,
    title = {{No Title}},
    pages = {0--23}
}

@article{2012Submitted1,
    title = {{Submitted to the EDI Quarterly The Discovery of Price Responsiveness – A Survey of Experiments involving Dynamic Pricing of Electricity Ahmad Faruqui and Jenny Palmer 1}},
    year = {2012},
    pages = {1--14}
}

@misc{Ekaw2014_hybrid.pdf,
    title = {{ekaw2014{\_}hybrid.pdf}}
}

@misc{Edenhofer_Minx_Science-2014.pdf,
    title = {{Edenhofer{\_}Minx{\_}Science-2014.pdf}}
}

@misc{Pdf.pdf,
    title = {{pdf.pdf}}
}

@misc{Nihms98137.pdf,
    title = {{nihms98137.pdf}}
}

@misc{LiteraryLabPamphlet11.pdf,
    title = {{LiteraryLabPamphlet11.pdf}}
}

@misc{Science-ML-2015.pdf,
    title = {{Science-ML-2015.pdf}}
}

@article{NoTitleb,
    title = {{No Title}},
    pages = {452--456},
    volume = {86}
}